<?xml version="1.0" encoding="UTF-8"?>
<collection xmlns:xsi="http://www.w3.org/2001/XMLSchema-instance" xsi:schemaLocation="http://www.loc.gov/MARC21/slim http://www.loc.gov/standards/marcxml/schema/MARC21slim.xsd" xmlns="http://www.loc.gov/MARC21/slim">
<record>
  <leader>00937cam a2200253 a 4500</leader>
  <controlfield tag="001">3076593</controlfield>
  <controlfield tag="003">NNC</controlfield>
  <controlfield tag="005">20130426015741.0</controlfield>
  <controlfield tag="008">860815s1955    ua            000 0 arard</controlfield>
  <datafield tag="035" ind1=" " ind2=" ">
    <subfield code="a">(OCoLC)ocm14096042</subfield>
  </datafield>
  <datafield tag="035" ind1=" " ind2=" ">
    <subfield code="9">ATQ0201CU</subfield>
  </datafield>
  <datafield tag="035" ind1=" " ind2=" ">
    <subfield code="a">(NNC)3076593</subfield>
  </datafield>
  <datafield tag="040" ind1=" " ind2=" ">
    <subfield code="a">OSU</subfield>
    <subfield code="c">OSU</subfield>
    <subfield code="d">ZCU</subfield>
  </datafield>
  <datafield tag="099" ind1=" " ind2=" ">
    <subfield code="a">893.7K84</subfield>
    <subfield code="a">FS</subfield>
  </datafield>
  <datafield tag="100" ind1="1" ind2=" ">
    <subfield code="a">Sharīf al-Raḍī, Muḥammad ibn al-Ḥusayn,</subfield>
    <subfield code="d">969 or 970-1016.</subfield>
  </datafield>
  <datafield tag="245" ind1="1" ind2="0">
    <subfield code="a">Talkhīṣ al-bayān fī mujāzāt al-Qurʾān /</subfield>
    <subfield code="c">taṣnīf al-Sharīf al-Raḍī ; ḥaqqaqahu wa-qaddama lahu wa-ṣanaʻa fahārisahu Muḥammad ʻAbd al-Ghanī Ḥasan.</subfield>
  </datafield>
  <datafield tag="250" ind1=" " ind2=" ">
    <subfield code="a">al-Ṭabʻah 1.</subfield>
  </datafield>
  <datafield tag="260" ind1=" " ind2=" ">
    <subfield code="a">al-Qāhirah :</subfield>
    <subfield code="b">Dār Iḥyāʾ al-Kutub al-ʻArabīyah,</subfield>
    <subfield code="c">1955.</subfield>
  </datafield>
  <datafield tag="300" ind1=" " ind2=" ">
    <subfield code="a">463 p. :</subfield>
    <subfield code="b">facsims. ;</subfield>
    <subfield code="c">25 cm.</subfield>
  </datafield>
  <datafield tag="504" ind1=" " ind2=" ">
    <subfield code="a">Bibliography: p. 459-463.</subfield>
  </datafield>
  <datafield tag="500" ind1=" " ind2=" ">
    <subfield code="a">Includes indexes.</subfield>
  </datafield>
  <datafield tag="630" ind1="0" ind2="0">
    <subfield code="a">Qurʼan</subfield>
    <subfield code="x">Language, style.</subfield>
  </datafield>
  <datafield tag="700" ind1="1" ind2=" ">
    <subfield code="a">Ḥasan, Muḥammad ʻAbd al-Ghanī.</subfield>
  </datafield>
  <datafield tag="955" ind1=" " ind2=" ">
    <subfield code="b">CU58887431</subfield>
    <subfield code="d">off,glx</subfield>
    <subfield code="e">893.7K84 FS</subfield>
  </datafield>
</record>
</collection>